@article{Halperin,
  author  = {Daniel Halperin, Thomas S. Heydt-Benjamin, Benjamin Ransford},
  title   = {Pacemakers and Implantable Cardiac Defibrillators: Software Radio Attacks and Zero-Power Defenses},
  journal = {IEEE Symposium on Security and Privacy},
  year    = {2008},
  url     = {https://www.secure-medicine.org/hubfs/public/publications/icd-study.pdf}
}

@article{Choi,
  author  = {Choi, Min-Kyu and Rosslin, John and Robles, Rosslin and Hong, Chang-Hwa and Kim, Tai-Hoon},
  year    = {2008},
  month   = {08},
  pages   = {},
  title   = {Wireless Network Security: Vulnerabilities, Threats and Countermeasures},
  volume  = {3},
  journal = {International Journal of Multimedia and Ubiquitous Engineering}
}

@inproceedings{Radek,
  author    = {Krejčí, Radek and Hujňák, Ondřej and Švepeš, Marek},
  booktitle = {2017 25th Telecommunication Forum (TELFOR)},
  title     = {Security survey of the IoT wireless protocols},
  year      = {2017},
  volume    = {},
  number    = {},
  pages     = {1-4},
  doi       = {10.1109/TELFOR.2017.8249286}
}

@misc{GCNTech,
  title     = {Egan Bernal's Pinarello Dogma F12 X Light Tour de France Winner's Pro Bike},
  publisher = {GCN Tech},
  year      = {2020},
  month     = {March 7},
  url       = {https://www.youtube.com/watch?v=zZE-Ypg53lg}
}

@inproceedings{urh,
  author    = {Johannes Pohl and Andreas Noack},
  title     = {Universal Radio Hacker: A Suite for Analyzing and Attacking Stateful Wireless Protocols},
  booktitle = {12th {USENIX} Workshop on Offensive Technologies ({WOOT} 18)},
  year      = {2018},
  address   = {Baltimore, MD},
  url       = {https://www.usenix.org/conference/woot18/presentation/pohl},
  publisher = {{USENIX} Association}
}

@misc{eTap,
  note         = {[Online; accessed 2021-12-01]},
  title        = {eTap {AXS}},
  howpublished = {https://www.sram.com/en/sram/road/collections/etap-axs}
}

@misc{Archer,
  note         = {[Online; accessed 2021-12-01]},
  title        = {Archer {D1X}},
  howpublished = {https://archercomponents.com/collections/shifters-and-remotes/products/d1x-trail}
}

@misc{ArcherApp,
  note         = {[Online; accessed 2021-12-01]},
  title        = {Archer {D1X}},
  howpublished = {https://apps.apple.com/us/app/archer-components/id1175528451}
}

@misc{Tesla,
  note         = {[Online; accessed 2021-12-01]},
  author       = {Keen Security Lab of Tencent},
  title        = {Car Hacking Research: Remote Attack Tesla Motors},
  howpublished = {https://keenlab.tencent.com/en/2016/09/19/Keen-Security-Lab-of-Tencent-Car-Hacking-Research-Remote-Attack-to-Tesla-Cars/}
}



@misc{dibaei2019overview,
  title={An Overview of Attacks and Defences on Intelligent Connected Vehicles}, 
  author={Mahdi Dibaei and Xi Zheng and Kun Jiang and Sasa Maric and Robert Abbas and Shigang Liu and Yuexin Zhang and Yao Deng and Sheng Wen and Jun Zhang and Yang Xiang and Shui Yu},
  year={2019},
  eprint={1907.07455},
  archivePrefix={arXiv},
  primaryClass={cs.CR}
}

@article{SAKIZ201733,
  title = {A survey of attacks and detection mechanisms on intelligent transportation systems: VANETs and IoV},
  journal = {Ad Hoc Networks},
  volume = {61},
  pages = {33-50},
  year = {2017},
  issn = {1570-8705},
  doi = {https://doi.org/10.1016/j.adhoc.2017.03.006},
  url = {https://www.sciencedirect.com/science/article/pii/S1570870517300562},
  author = {Fatih Sakiz and Sevil Sen},
}

@article{ChryslerRecall,
	note = {[Online; accessed 2021-12-02]},
	author = {greenberg, andy},
	journal = {Wired},
	year = {2015},
	month = {july 24},
	title = {After Jeep Hack, Chrysler Recalls 1.4M Vehicles for Bug Fix},
	howpublished = {https://www.wired.com/2015/07/jeep-hack-chrysler-recalls-1-4m-vehicles-bug-fix/},
}

@article{phillips2015SRAM,
	note = {[Online; accessed 2021-12-02]},
	author = {phillips, matt},
	journal = {Bicycling},
	year = {2015},
	month = {aug 26},
	title = {SRAM {Red} {eTap} is a {Step} {Forward} for {Electronic} {Shifting}},
	howpublished = {https://www.bicycling.com/bikes-gear/a20043861/sram-red-etap-is-a-step-forward-for-electronic-shifting/},
}


@misc{Chrysler,
  note         = {[Online; accessed 2021-12-01]},
  author = {Chris Valasek, Charlie Miller},
  title        = {Remote Exploitation of an Unaltered Passenger Vehicle},
  howpublished = {http://illmatics.com/Remote%20Car%20Hacking.pdf}
}

@misc{BMW,
  note         = {[Online; accessed 2021-12-01]},
  author       = {Keen Security Lab of Tencent},
  title        = {Experimental Security Assessment of BMW Cars: A Summary Report},
  howpublished = {https://keenlab.tencent.com/en/2018/05/22/New-CarHacking-Research-by-KeenLab-Experimental-Security-Assessment-of-BMW-Cars/}
}

